<?xml version="1.0" encoding="UTF-8"?><collection xmlns="http://www.loc.gov/MARC21/slim"><record><leader>00423nam--2200181-u-4500</leader><controlfield tag="001">000053844</controlfield><controlfield tag="002">20161230</controlfield><controlfield tag="005">20161230201051</controlfield><controlfield tag="008">110628s1000------------r-----000-0-rus-d</controlfield><datafield ind1=" " ind2=" " tag="040"><subfield code="a">IFIN-HH</subfield></datafield><datafield ind1=" " ind2=" " tag="041"><subfield code="a">rus</subfield></datafield><datafield ind1=" " ind2=" " tag="080"><subfield code="a">537.61</subfield></datafield><datafield ind1="1" ind2=" " tag="100"><subfield code="a">Livov, V.S</subfield></datafield><datafield ind1="1" ind2="0" tag="245"><subfield code="a">Nelineynye spinovye volny</subfield><subfield code="c">V.s. livov</subfield></datafield><datafield ind1=" " ind2=" " tag="260"><subfield code="a">Moskva</subfield><subfield code="b">Nauka</subfield><subfield code="c">1987</subfield></datafield><datafield ind1=" " ind2=" " tag="300"><subfield code="a">270P</subfield></datafield><datafield ind1=" " ind2=" " tag="852"><subfield code="a">74742</subfield><subfield code="c">537:538</subfield></datafield><datafield ind1=" " ind2=" " tag="CAT"><subfield code="a">Sys</subfield><subfield code="c">20110628</subfield><subfield code="h">103826</subfield></datafield></record></collection>